@thesis{saerota_21,
	author	= {Benedict Särota},
	title	= {Implementation of a VR Application for the Visualization of a Raytracing Process},
   school = {University of Applied Sciences Kaiserslautern},
   note = {Project Work, University of Applied Sciences Kaiserslautern},
	year = 2021
}

@Online{visualraytrace,
	author	= {Benedict Särota},
	title        = {RayTracing},
	url          = {\url{https://github.com/VRLAB-HSKL/RayTracing}},
	note         = {Last Access: July 22., 2021},
	organization = {University of Applied Sciences Kaiserslautern},
	urldate      = {2021-07-22},
	howpublished = {\url{https://github.com/VRLAB-HSKL/RayTracing}},
   year = 2021
}

@Online{checkerSpheres,
  author = {Whitted, Turner},
	title        = {Spheres and Checkerboard},
	url          = {\url{https://de.wikipedia.org/wiki/Datei:Spheres_and_Checkerboard_-_Turner_Whitted.jpg}},
	note         = {Last Access: July 22., 2021},
	organization = {Wikipedia},
	urldate      = {2021-07-22},
	howpublished = {\url{https://de.wikipedia.org/wiki/Datei:Spheres_and_Checkerboard_-_Turner_Whitted.jpg}},
   year = {1980}
}

@ARTICLE{whitted_80,
  author = {Whitted, Turner},
  title = {An improved illumination model for shaded display},
  journal = {Communications of the ACM},
  year = {1980},
  volume = {23(6)},
  pages = {343 -- 349}
}

@InProceedings{pausch_95,
  author    = {{Stoakley, Richard} and {Conway, Matthew} and {Pausch, Randy}},
  booktitle = {Proceedings of CHI95},
  year      = {1995},
  title     = {Virtual reality on a WIM: Interactive worlds in miniature},
  pages     = {265 -- 272},
  publisher = {ACM},
}

@Online{viveInput,
	author       = {Wong, Lawrence},
	title        = {VIVE Input Utility for Unity},
	url          = {\url{https://github.com/ViveSoftware/ViveInputUtility-Unity}},
	note         = {Last Access: July 22., 2021},
	organization = {HTC},
	urldate      = {2021-07-22},
	howpublished = {\url{https://github.com/ViveSoftware/ViveInputUtility-Unity}},
   year = 2021
}

@inproceedings {ganovelli_08,
booktitle = {Eurographics 2008 - Education Papers},
editor = {Steve Cunningham and Lars Kjelldahl},
title = {{eNVyMyCar: a Multi-player Car Racing Game for Teaching Computer Graphics}},
author = {Ganovelli, Fabio and Corsini, Massimiliano},
year = {2008},
publisher = {The Eurographics Association},
DOI = {10.2312/eged.20081000}
}

@inproceedings {vitsas_20,
booktitle = {Eurographics 2020 - Education Papers},
editor = {Romero, Mario and Sousa Santos, Beatrice},
title = {{Rayground: An Online Educational Tool for Ray Tracing}},
author = {Vitsas, Nick and Gkaravelis, Anastasios and Vasilakis, Andreas-Alexandros and Vardis, Konstantinos and Papaioannou, Georgios},
year = {2020},
publisher = {The Eurographics Association},
ISSN = {1017-4656},
ISBN = {978-3-03868-102-1},
DOI = {10.2312/eged.20201027}
}
