@thesis{saerota_21b,
	author	= {Benedict S"arota},
	title	= {Implementation of a VR Application for the Visualization of a Raytracing Process},
   school = {University of Applied Sciences Kaiserslautern},
   note = {Project Work, University of Applied Sciences Kaiserslautern},
	year = 2021
}

@ARTICLE{whitted_80,
  author = {Whitted, Turner},
  title = {An improved illumination model for shaded display},
  journal = {Communications of the ACM},
  year = {1980},
  volume = {23(6)},
  pages = {343 -- 349}
}

@Online{viveInput,
	author       = {Wong, Lawrence},
	title        = {VIVE Input Utility for Unity},
	url          = {\url{https://github.com/ViveSoftware/ViveInputUtility-Unity}},
	note         = {Last Access: July 22., 2021},
	organization = {HTC},
	urldate      = {2020-07-22},
	howpublished = {\url{https://github.com/ViveSoftware/ViveInputUtility-Unity}},
   year = 2021
}

@Online{visualraytrace,
	author	= {Benedict S"arota},
	title        = {RayTracing},
	url          = {\url{https://github.com/VRLAB-HSKL/RayTracing}},
	note         = {Last Access: July 22., 2021},
	organization = {University of Applied Sciences Kaiserslautern},
	urldate      = {2020-07-22},
	howpublished = {\url{https://github.com/VRLAB-HSKL/RayTracing}},
   year = 2021
}
