@thesis{saerota_21b,
	author	= {Benedict SÃ¤rota},
	title	= {Implementation of a VR Application for the Visualization of a Raytracing Process},
   school = {University of Applied Sciences Kaiserslautern},
   note = {Project Work, University of Applied Sciences Kaiserslautern},
	year = 2021
}

@ARTICLE{whitted_8082,
  author = {Whitted, Turner},
  title = {An improved illumination model for shaded display},
  journal = {Communications of the ACM},
  year = {1980},
  volume = {23(6)},
  pages = {343 -- 349}
}

@InProceedings{wim_95,
  author    = {Stoakley, Richard} and {Conway, Matthew} and {Pausch, Randy},
  booktitle = {Proceedings of CHI95},
  year      = {1995},
  title     = {Virtual reality on a WIM: Interactive worlds in miniature},
  pages     = {265 -- 272},
  publisher = {ACM},
}
